<record><leader>00000cas a2200000Ia 4500</leader><controlfield tag="001">10245167</controlfield><controlfield tag="008">831222d19741976ohuwr ne      0   a0eng d</controlfield><datafield ind1=" " ind2=" " tag="010"><subfield code="a">sn 89076019 </subfield></datafield><datafield ind1=" " ind2=" " tag="040"><subfield code="a">BGU</subfield><subfield code="b">eng</subfield><subfield code="c">BGU</subfield><subfield code="d">ONP</subfield><subfield code="d">OCLCQ</subfield><subfield code="d">OCLCF</subfield><subfield code="d">OCLCO</subfield></datafield><datafield ind1=" " ind2=" " tag="043"><subfield code="a">n-us-oh</subfield></datafield><datafield ind1="0" ind2="4" tag="245"><subfield code="a">The Maumee Valley free press.</subfield></datafield><datafield ind1=" " ind2=" " tag="260"><subfield code="a">Grand Rapids, Ohio :</subfield><subfield code="b">Ohio print Publications,</subfield><subfield code="c">1974-1976?</subfield></datafield><datafield ind1=" " ind2=" " tag="300"><subfield code="a">v. :</subfield><subfield code="b">ill. ;</subfield><subfield code="c">58 cm.</subfield></datafield><datafield ind1="1" ind2=" " tag="362"><subfield code="a">Began in 1974 ; ceased in 1976?</subfield></datafield><datafield ind1=" " ind2="0" tag="650"><subfield code="a">American newspapers</subfield><subfield code="z">Ohio</subfield><subfield code="z">Grand Rapids.</subfield></datafield><datafield ind1=" " ind2="7" tag="650"><subfield code="a">American newspapers.</subfield><subfield code="2">fast</subfield><subfield code="0">(OCoLC)fst00807293</subfield></datafield><datafield ind1=" " ind2="7" tag="651"><subfield code="a">Ohio</subfield><subfield code="z">Grand Rapids.</subfield><subfield code="2">fast</subfield><subfield code="0">(OCoLC)fst01291166</subfield></datafield><datafield ind1=" " ind2=" " tag="752"><subfield code="a">United States</subfield><subfield code="b">Ohio</subfield><subfield code="c">Wood</subfield><subfield code="d">Grand Rapids.</subfield></datafield></record>